2882 4830
1116 391 1153 454 17

101 549 223 607 Eandem
257 548 368 606 eririnet
397 547 594 618 etymologiam
628 549 666 605 io.
699 550 793 606 Tzetz.
827 551 854 604 in
885 547 1015 618 poemate
1044 569 1110 635 περὶ
1137 561 1197 618 nm.

101 660 342 732 peperceramus
369 664 385 707 a
415 650 500 708 ttiitrn.
531 653 603 709 inter
634 651 740 721 proieg.
777 651 867 708 schot.
901 652 1041 723 aristopn.
1071 655 1147 711 nitito
1172 667 1197 711 r.

103 752 162 809 166
188 756 231 814 ἰὸν
252 758 284 814 δέ
303 781 363 817 πως
385 761 517 833 βάζοντες
536 759 682 830 ε’μπίκροις
703 761 859 834 [ἑμπικριός
888 767 934 824 til).
969 753 1127 812 Cremernm
1152 769 1199 814 311.

98 853 143 910 ΠΙ.
166 865 193 925 p.
220 853 292 921 339,
312 854 366 928 25]
384 861 475 933 λόγοις
499 860 593 928 κλῆσιν
611 861 832 930 κατεπλούτησαν
851 859 1062 936 ἰαμβογράφων.

186 973 217 1027 3.
253 971 359 1027 iieinie
383 971 543 1028 Caiiimaciri
575 973 666 1026 oratio
700 983 754 1027 tion
782 983 895 1043 semper
924 973 1008 1030 tonet
1037 977 1198 1034 accuratum

99 1075 284 1130 membrorum
309 1086 418 1138 nexum,
443 1073 494 1128 sen
518 1075 676 1142 dissipato
699 1087 799 1142 saepe
823 1081 874 1130 est
889 1069 1072 1134 eicoaea'sa'.
1103 1078 1198 1135 Omnis

100 1175 172 1231 euim
201 1175 374 1244 antiquorum
407 1177 436 1231 et
468 1175 638 1232 Graecorum
672 1176 700 1230 et
725 1175 907 1232 Romanorum
941 1177 1032 1233 oratio
1068 1177 1107 1235 tta
1137 1180 1199 1236 iero

100 1277 265 1348 comparata
298 1279 352 1344 est,
387 1279 417 1334 ut
449 1276 585 1347 praebeat
619 1277 711 1347 aptum
740 1277 909 1344 singularum
940 1281 1058 1350 portium
1088 1293 1197 1350 uenum,

100 1391 154 1446 nno
177 1378 207 1434 iit
231 1390 286 1434 non
308 1379 396 1435 sotum
424 1383 451 1434 ni
476 1381 622 1435 vernorum
644 1378 761 1447 quartam
785 1380 1045 1451 circumscriptione
1069 1393 1199 1453 compre·

99 1480 238 1537 tendatur
260 1482 409 1546 sementia,
422 1492 517 1537 rernm
536 1481 619 1535 eitam
638 1481 667 1534 ut
685 1480 885 1535 sententiarum
905 1481 1020 1537 vincutis
1036 1483 1199 1551 quibusdam

100 1582 167 1652 epto
201 1582 231 1638 et
256 1583 426 1638 snnvisstmn
458 1579 641 1637 concinnatur
673 1581 760 1634 totins
794 1583 929 1637 orationis
963 1581 1114 1640 structura.
1159 1587 1200 1640 Ao

100 1685 197 1740 mirum
219 1683 348 1752 quantem
371 1685 399 1739 iu
427 1683 557 1738 oratione
590 1681 736 1737 vincienda
769 1681 799 1737 et
828 1681 1023 1739 connectente
1054 1695 1149 1740 curam
1171 1687 1201 1742 et

100 1787 271 1854 diligentiam
304 1785 458 1856 posuerunt
491 1784 594 1854 antiqui
621 1785 777 1854 scriptores
811 1784 996 1854 quantumque
1017 1785 1081 1842 imin
1105 1787 1199 1844 sintin

100 1888 251 1959 nnjnmentt
276 1887 368 1944 atiniit
390 1900 492 1955 mogun
520 1887 567 1943 iiia
594 1886 781 1944 conuenienti
805 1887 1001 1956 particularum
1027 1891 1199 1960 copiasque

99 1993 236 2046 instructa
271 1989 334 2048 erat
365 1989 535 2059 Graecorum
567 1989 701 2059 imprimis
728 1987 831 2055 lingna.
887 1988 946 2054 Quo
979 1990 1005 2042 in
1038 2002 1146 2057 genere
1174 1991 1203 2047 si

102 2091 264 2147 i'aiiimaoiti
286 2090 517 2150 cousuetudinem
537 2090 591 2144 titis
603 2090 788 2158 scriptoribus
805 2087 968 2154 contuleris,
981 2079 1109 2156 magnam
1128 2092 1201 2147 iuter

100 2205 154 2248 eos
177 2192 306 2262 reperies
330 2171 557 2261 discrepantium.
602 2189 670 2246 Nam
695 2201 807 2260 semper
830 2189 892 2244 iere
916 2188 990 2260 aput
1014 2202 1075 2246 eun
1092 2193 1202 2248 brevis-

100 2296 190 2350 simne
212 2293 276 2348 snut
299 2295 446 2348 vernorum
467 2291 735 2363 comprehensiones
758 2289 887 2360 suenone
910 2290 1046 2348 tissotnia
1062 2294 1200 2351 internam

100 2397 201 2463 oratio,
225 2397 286 2451 iere
307 2396 337 2450 nt
360 2394 434 2449 nutio
456 2393 567 2450 vinonio
589 2401 718 2448 concern
740 2392 877 2458 vitientur,
898 2393 949 2448 sei
967 2393 994 2448 in
1016 2395 1201 2454 minutissima

100 2499 179 2567 qnasi
212 2498 336 2554 membra
369 2496 516 2568 dissipata.
566 2496 695 2551 Attamen
730 2495 941 2552 concedendurn
975 2493 1020 2551 est
1051 2497 1200 2554 intrantem

100 2599 174 2655 titum
198 2599 334 2654 orationis
356 2597 477 2652 nantium
500 2598 526 2652 in
550 2598 648 2668 specie
669 2599 758 2664 magis
782 2608 862 2664 quam
886 2598 913 2652 in
935 2599 995 2669 ipsa
1013 2609 1045 2653 re
1063 2598 1200 2656 internum

101 2700 222 2772 positum
245 2711 324 2767 esse,
347 2710 437 2766 neque
459 2710 572 2769 semper
595 2698 700 2754 tantam
728 2697 833 2753 nanere
859 2698 1091 2768 vituperationem
1110 2713 1201 2768 uuan-

102 2807 157 2859 tam
180 2801 417 2858 ottrectatoribus
445 2800 474 2856 et
508 2799 680 2856 niriwarriiio
709 2798 843 2868 imprimis
866 2800 954 2853 uisum
984 2800 1038 2854 est.
1083 2799 1151 2857 Nem
1174 2803 1200 2858 si

101 2907 162 2974 uuis
185 2903 345 2971 diiigentius
367 2903 474 2972 scripte
499 2900 658 2958 Caittrnaoiii
683 2899 846 2969 inspexerit,
872 2900 965 2970 aptam
988 2902 1088 2972 opinor
1107 2913 1200 2960 rernm

101 3005 358 3072 sententiarumque
377 3005 587 3075 nisposttionem
601 3004 701 3071 nitique
715 3001 855 3073 reperiet:
873 3011 908 3056 nc
925 3001 969 3057 vei
989 3003 1034 3058 unt
1049 3003 1202 3063 simoentis

102 3109 164 3163 iere
186 3106 215 3162 et
237 3115 334 3178 porum
356 3105 431 3162 inter
455 3117 489 3160 se
511 3104 644 3172 notiignta
668 3104 796 3159 vitientur
819 3103 956 3159 orationis
977 3105 1058 3172 qnasi
1079 3106 1202 3163 membre

101 3210 237 3266 transitus
260 3207 398 3263 internum
424 3206 493 3263 iatet
525 3206 635 3262 suntiiis
658 3205 687 3261 ei
715 3207 876 3273 aeenrntus,
907 3205 935 3261 ut
957 3203 1030 3262 innoc
1052 3206 1115 3276 ipsa
1141 3205 1202 3263 niti·

102 3310 198 3380 gentio
228 3311 323 3378 quanti
348 3309 385 3366 sit
417 3311 444 3364 in
474 3307 634 3380 einoniione
668 3308 841 3376 antiquorum
874 3306 1042 3379 scriptorum
1072 3307 1203 3366 momenti

103 3409 208 3466 nocere
232 3413 322 3480 possit
344 3412 406 3483 ipse
430 3408 625 3467 Caiiimncirns.
670 3409 721 3484 Sat
745 3409 797 3464 erit
820 3420 916 3464 eorum
940 3409 1100 3464 meminisse
1121 3409 1202 3466 ioco·

103 3524 172 3580 rum,
197 3513 242 3566 uni
274 3524 291 3566 n
314 3523 345 3568 re
370 3512 517 3584 proposita
551 3510 585 3568 art
609 3511 708 3576 tannes
737 3510 900 3566 Pioiemaei'
921 3489 1103 3598 riigr‘enitnr':¹
1123 3495 1153 3566 ¹n't
1177 3512 1203 3568 ir.

101 3614 166 3672 Jor.
197 3610 324 3667 79-90
355 3613 529 3691 arctissime=
547 3615 639 3670 omnia
673 3612 837 3686 cohaerent,
870 3612 915 3667 uni
947 3622 1001 3696 per
1032 3612 1111 3700 ipsas
1139 3613 1205 3702 *tere

102 3725 303 3743 μ

103 3795 160 3844 pnrs
177 3777 283 3830 essent”
317 3773 449 3836 Ejusmodi
466 3789 525 3827 vero
544 3777 697 3826 coiiecttonts
715 3779 804 3828 titulus
821 3777 904 3827 nescio
922 3789 956 3826 en
973 3777 1115 3838 nptisotrnus
1131 3779 1207 3831 tuerit

102 3861 244 3930 μουσεῖον,
264 3859 333 3925 qnod
352 3860 377 3909 in
395 3859 489 3910 suinae
506 3861 622 3920 ontniogo
646 3861 791 3912 finitimoctri
811 3861 879 3910 tinnis
905 3859 1095 3912 adnumeretur.
1130 3857 1208 3912 Venit

102 3949 180 4011 initur
197 3949 224 3997 in
241 3954 352 3999 mentem
370 3956 416 4006 pro
434 3938 463 4002 ἐν
486 3938 526 4008 τῷ
539 3942 667 4010 γραφείῳ
692 3945 788 3996 restitui
814 3956 886 4006 posse
910 3937 945 3992 ἐν
967 3939 1012 4005 τῷ
1039 3943 1205 4010 μουσείῳ,

103 4032 174 4082 cuius
193 4031 249 4082 iibri
268 4031 336 4094 qnod
354 4027 429 4080 tuerit
452 4034 630 4090 argumentum
654 4031 679 4078 iu
698 4028 771 4079 variis
791 4028 910 4088 rogisque
932 4028 1078 4079 etiamnunc
1096 4037 1209 4082 versetur

103 4114 261 4174 coniecturis.
290 4145 307 4158 -

1124 4157 1130 4166 ’
1153 4193 1170 4242 s
