2882 4830
296 367 333 432 14

249 527 344 584 verbis
372 525 402 583 et
428 523 585 594 sententiis,
613 527 641 584 in
674 527 803 586 oratione
831 526 961 587 iacienda
993 529 1111 598 quodam
1135 526 1218 585 modo
1247 528 1277 585 et
1299 541 1356 586 ex·

249 626 379 700 potienda
414 627 443 684 et
478 626 622 684 ederenda
652 630 753 686 ornatu
784 643 841 687 nnn
872 631 955 686 unius
983 630 1056 687 modi
1086 641 1195 686 omnem
1227 630 1298 686 artis
1324 631 1356 686 et

249 729 401 785 memoriae
423 728 625 799 snpeitectiicm
643 731 830 787 collocabant.
871 730 976 786 iieiude
990 732 1043 802 ipsi
1058 733 1137 787 cives
1153 731 1354 800 nioxaunrini,
1427 711 1428 732 ¹

249 831 348 899 onibus
373 842 434 886 cum
458 833 648 897 grammaticis
676 833 705 887 et
729 830 821 902 po'e'tis
851 833 1052 888 intercessisse
1075 831 1187 900 aiiqnod
1210 843 1355 888 commer-

250 917 321 988 ciu'm
345 931 509 1002 coniectura
532 932 618 988 tacite
640 932 775 1004 subrepit,
797 937 927 1001 quonium
950 933 1107 1002 proverbiis
1131 936 1160 989 et
1183 934 1296 989 tansitis
1324 933 1356 990 et

250 1033 351 1100 argute
386 1032 468 1090 dictis
511 1033 718 1090 detestarentur
749 1035 778 1090 tn
810 1034 986 1105 prouerbium
1028 1034 1091 1090 tere
1122 1035 1198 1097 abiit.
1253 1033 1355 1103 Qnidi

251 1136 323 1205 pund
353 1136 388 1190 iis
421 1135 500 1206 ipsis,
531 1136 575 1202 out
605 1135 671 1190 tunc
703 1135 792 1204 eraut,
825 1134 916 1191 doctis
946 1135 975 1192 ct
1005 1135 1181 1205 elegantibus
1205 1136 1355 1192 existima·

251 1235 359 1292 toribus
383 1237 501 1291 maxime
524 1234 667 1304 piacutsse
690 1235 819 1291 ridentur
841 1248 895 1293 uon
916 1250 950 1293 ea
974 1236 1099 1309 poeseos
1116 1249 1232 1306 genera,
1250 1239 1355 1307 ouibus

250 1349 306 1392 nnn
338 1337 418 1406 guasi
446 1335 547 1390 tenore
581 1334 802 1404 pertractaretur
825 1338 867 1392 rei
894 1336 1038 1407 cujusdam
1067 1339 1115 1393 nni
1143 1339 1262 1395 bominis
1291 1351 1354 1395 me·

251 1438 349 1503 muria,
372 1438 424 1494 sed
447 1435 558 1504 etegiae
586 1437 647 1492 tere
678 1437 707 1492 et
735 1438 947 1508 epigrammata,
971 1440 1015 1495 obi
1044 1451 1095 1510 per
1117 1441 1263 1508 angustias
1285 1453 1354 1497 car·

251 1540 332 1595 minis
356 1539 509 1596 conclusae
537 1539 719 1596 minutissima
749 1553 885 1609 quaeque,
907 1541 1045 1609 tamqnam
1071 1541 1098 1595 in
1120 1552 1208 1611 opere
1230 1541 1352 1610 quodam

250 1640 443 1709 vermiculato,
468 1642 606 1710 exquisita
636 1640 764 1697 doctrina
793 1642 822 1698 et
851 1643 985 1697 accurata
1016 1642 1170 1698 subtilitate
1200 1655 1291 1698 rernm
1315 1655 1353 1700 oc

252 1744 397 1798 verborum
424 1742 547 1812 expolita
570 1753 690 1797 eernere
712 1742 826 1808 liceret,
850 1743 878 1798 et
897 1741 932 1798 ad
953 1744 1071 1798 studium
1091 1745 1180 1810 magis
1199 1743 1353 1812 tegentium

252 1843 282 1899 et
305 1842 534 1899 exercitationem
561 1843 728 1914 scriptorum
751 1844 827 1901 tacta
860 1855 940 1912 onam
969 1844 1004 1899 ad
1029 1844 1189 1912 etegentiae
1211 1843 1240 1900 et
1263 1857 1353 1900 venu-

252 1944 336 2001 statis
358 1944 386 2001 et
408 1957 494 2001 verne
523 1945 701 2002 numanitatis
730 1945 847 2002 trucium
873 1945 948 2002 bota.
993 1943 1117 2014 Denique
1145 1946 1263 2002 studium
1287 1947 1352 2014 ety-

253 2047 394 2116 mologiae
418 2047 463 2103 est
487 2047 604 2104 Graecis
626 2048 737 2104 insitum
762 2047 827 2104 iiind
852 2047 962 2116 quinem
983 2061 1001 2104 a
1020 2048 1131 2114 natura,
1150 2050 1251 2120 qnippe
1268 2046 1352 2118 cnjus

254 2148 375 2217 uestigia
397 2148 470 2220 apud
495 2162 593 2206 omnes
616 2151 687 2219 iere,
711 2148 880 2218 quiquidem
899 2149 1352 2222 antiquitusexstantseriptores

254 2252 380 2321 reperire
411 2247 564 2322 iioent²¹i3
597 2251 648 2307 sed
677 2251 749 2320 apud
780 2249 986 2316 callimachum,
1015 2263 1094 2317 ouum
1125 2253 1154 2306 et
1181 2252 1352 2321 saepissime

254 2351 442 2424 deprendatur
461 2351 490 2407 et
517 2351 633 2422 piurima
662 2348 799 2419 eiusmodi
833 2349 1011 2418 praestitisse
1039 2349 1186 2405 videantur
1204 2361 1283 2412 αἴτια
1299 2352 1353 2406 im-

254 2457 349 2528 primis
375 2457 404 2511 ot
426 2446 671 2531 τπομιήματαῖἳ),
695 2451 723 2506 et
747 2461 818 2518 puae
845 2460 917 2504 nuno
945 2449 1120 2518 reperiuntur
1150 2449 1278 2517 exempta
1302 2451 1354 2509 aut

254 2557 418 2614 reconditae
442 2555 587 2610 doctrinae
610 2551 658 2608 ant
684 2551 761 2607 iosus
787 2551 912 2620 speciem
941 2561 1010 2620 prae
1033 2561 1067 2604 se
1094 2547 1195 2617 terant,
1219 2551 1353 2609 nonnniia

253 2671 323 2715 vero
349 2671 365 2714 a
391 2655 630 2725 grammaticorum
660 2651 808 2707 sententiis
843 2651 908 2709 nibii
944 2650 1081 2719 differant,
1115 2664 1132 2708 e
1160 2653 1352 2720 grammaticis

254 2763 389 2829 nimirum,
412 2769 483 2827 onae
507 2757 560 2812 bac
582 2754 678 2812 aetate
701 2754 840 2821 vigebunt,
866 2753 965 2811 studiis
988 2753 1145 2824 protectum
1171 2754 1225 2810 est.
1272 2754 1352 2810 Haeo

255 2863 339 2928 igitur
373 2861 465 2915 omnin
487 2857 687 2928 spectabimus.
732 2854 767 2911 nt
802 2850 837 2935 i)
868 2855 1034 2911 contrario
1064 2855 1171 2924 quidem
1201 2855 1350 2912 contrariis

255 2961 303 3019 ant
332 2959 462 3030 opposita
490 2961 538 3016 aot
568 2957 719 3027 coniuncta
753 2957 888 3026 praebent
919 2957 945 3011 bi
976 2955 1046 3012 ioci:
1072 2957 1135 3012 tor.
1163 2956 1180 3013 i
1209 2969 1239 3019 ab
1267 2961 1292 3018 δ’
1319 2961 1351 3017 ob
1427 2927 1428 2980 λ

254 3053 354 3116 θάνοι,
373 3051 432 3104 ἐστὶ
455 3053 507 3123 γὰρ
533 3054 598 3103 αἰεί.
634 3051 693 3104 Del.
714 3052 763 3106 106
774 3051 861 3125 Ἥρη,
886 3057 929 3104 σοὶ
950 3048 1018 3104 δ’ἕτι
1038 3052 1126 3122 τῆμος
1147 3049 1256 3118 ἀνηλεὲτ
1280 3040 1349 3120 ἧτορ

255 3139 353 3194 ἔκειτο·
382 3132 445 3188 οὐδὲ
465 3133 652 3203 consulendos
669 3156 700 3188 τε
718 3143 763 3190 καὶ
791 3134 915 3204 ᾤκτισαν.
952 3137 990 3190 ib.
1016 3137 1067 3190 235
1093 3134 1258 3207 μεγάλοιο
1286 3138 1351 3188 mort

254 3221 371 3296 γλωχῖνα
390 3219 508 3290 θρόνοισ
535 3223 662 3274 τυτθὸν
689 3219 867 3275 ἀποκλίνασα.
910 3221 1000 3294 Epigr.
1027 3223 1068 3286 21,
1087 3222 1103 3274 6
1120 3223 1169 3274 τὸν
1195 3217 1350 3274 εὔτεκνον

255 3325 362 3395 χῆροι
381 3316 478 3374 ἰδοῦσα
496 3317 593 3390 δόμοι.
632 3312 687 3370 Cir.
711 3314 819 3382 Fragm.
843 3313 893 3368 52.
940 3313 989 3370 His
1014 3313 1148 3384 exemptis
1171 3312 1295 3369 tortasse
1317 3321 1350 3366 ea

255 3414 442 3474 adscribenda
463 3414 537 3482 sunt,
562 3427 634 3484 onoc
656 3417 928 3472 commutationem
943 3417 1006 3470 sive
1023 3420 1253 3493 ἀντιμεταβολῆν,
1272 3421 1350 3481 quam

248 3518 367 3584 rideant,
382 3516 527 3573 exhibebit:
551 3516 644 3588 Eplgf·
664 3516 702 3572 69
716 3523 747 3579 οὗ
764 3529 816 3596 γὰρ
837 3525 972 3592 ἔθνησκον
992 3523 1114 3595 πρῶτον,
1135 3522 1217 3576 ἔπειτ’
1236 3521 1349 3591 ἐτάφην·

257 3610 324 3666 atie
340 3617 439 3681 capsis
458 3613 568 3666 ἔθανον.
599 3613 659 3665 λον.
668 3611 701 3664 95
721 3605 774 3663 οὔτ’
794 3607 894 3682 ἀρετῆτ
908 3603 973 3680 ἄτερ
992 3603 1073 3680 λλβοτ
1090 3607 1234 3661 ἐπίσταται
1251 3603 1351 3676 ὅίνλρατ

257 3683 357 3760 ἀέξειν,
386 3693 440 3749 οὔτ’
468 3695 552 3767 ἀρετή
585 3695 711 3765 ἀφὲνσισ.
753 3697 805 3766 Ap.
827 3693 861 3746 '26
889 3692 919 3748 ὅτ
943 3691 1062 3761 μάχεται
1087 3691 1264 3764 μακάρεσσιν,
1295 3689 1351 3758 ἐμῷ

256 3781 371 3855 βασιλῆϊ
394 3779 526 3849 μάχοιτο,
556 3778 586 3836 ὅσ
611 3799 654 3835 τις
687 3777 744 3848 ἐμῷ
772 3776 887 3850 βασιλῆϊ
912 3783 958 3831 oroi
988 3775 1142 3831 Ἀπόλλωνι
1166 3774 1294 3844 μάχοιτο.
1318 3807 1351 3817 -

324 3937 365 3998 21)
384 3939 443 3989 vio.
462 3939 529 3990 Ruri.
546 3938 667 3988 Schmidt.
685 3935 827 3987 Stoicorum
847 3949 953 3998 gramm.
968 3948 993 3996 p.
1011 3932 1037 3983 5.

254 4073 258 4080 .
325 4021 368 4083 22)
388 4023 438 4074 Cir·
456 4023 535 4076 Nacti.
554 4022 616 4078 fleo.
635 4034 658 4084 p.
676 4018 708 4071 69
726 4025 752 4070 ct
769 4021 869 4084 Fragm.
888 4021 981 4072 Biomt.
1001 4031 1026 4080 p.
1044 4014 1094 4067 224
1112 4027 1142 4067 cx
1159 4012 1290 4066 Athenaeo
1307 4028 1352 4079 pe-

257 4104 342 4157 titum.
