2882 4830
1114 353 1152 416 19

96 523 184 582 unare
216 515 246 569 ut
269 524 285 568 e
308 511 386 569 ilirrls
410 512 576 583 praecipuo·
598 511 722 568 veterum
756 521 882 582 operosa
910 509 1057 579 litigantia
1086 510 1196 568 ilraeae

96 613 252 681 discebant,
276 615 315 669 ita
339 615 365 668 ln
389 613 504 684 seriptis
526 614 649 682 ipsorum
676 611 792 684 plurima
814 626 868 668 non
890 614 1063 681 ingeniorum
1087 611 1197 683 propri·

96 717 173 772 ciale
195 715 245 771 seii
270 715 397 770 veterum
418 715 572 769 imitatione
599 714 692 770 estleia
720 715 819 770 tierent
842 727 963 772 necesse
987 715 1056 770 crat
1099 711 1196 770 ruetis

94 829 164 873 vero
198 815 336 872 Homerus
369 816 503 886 imprimis
536 815 704 885 perplurima
731 815 1007 884 supportaremus
1029 811 1196 886 explicantia

94 919 124 974 et
146 917 321 974 amanteum
350 917 495 972 marimum
525 915 630 970 canant
651 928 775 986 operam,
810 915 945 986 cujusque
969 929 985 970 e
1017 916 1195 983 carpiamus,

95 1021 210 1088 uuasle
234 1021 313 1080 tonte
338 1018 456 1088 anonam
481 1016 644 1073 multitudini
661 1015 799 1072 lominum
819 1019 937 1074 maxime
952 1018 1066 1086 cognito
1079 1027 1197 1085 eamque

96 1122 132 1178 on
164 1132 278 1178 censum
307 1119 522 1191 iucundissimo,
545 1119 631 1174 totins
662 1116 720 1188 Hm
751 1120 922 1188 antiquitatis
951 1116 1055 1191 poetae
1084 1117 1199 1176 inaurire

95 1220 171 1278 solltl
195 1223 275 1279 erant
297 1222 391 1289 multu,
415 1233 487 1290 qnae
507 1224 554 1278 aut
575 1221 610 1277 ai
634 1232 682 1276 res
702 1221 750 1276 ani
770 1220 804 1276 aii
820 1222 959 1277 sermonis
979 1221 1058 1288 qnasi
1077 1219 1195 1281 turnum

95 1322 279 1394 pertinerent.
324 1323 402 1394 Apmi
431 1323 633 1380 alexandrinos
663 1323 748 1390 igitur
776 1315 879 1392 poetas
913 1321 996 1378 multu
1022 1320 1197 1392 reperiuntur

95 1427 144 1482 ant
166 1424 277 1496 sumpta
299 1437 334 1480 ex
364 1437 402 1480 eo
429 1425 539 1492 integra
569 1423 617 1480 aut
647 1425 764 1493 aliquem
793 1426 824 1478 iu
852 1423 961 1479 morium
986 1423 1090 1479 mutata
1118 1421 1147 1479 et
1167 1423 1196 1480 ln

95 1536 197 1581 novam
221 1525 356 1593 pusulam
381 1525 497 1580 turmam
521 1527 627 1582 retieta.
672 1525 749 1581 Satis
771 1524 823 1579 erit
843 1536 1022 1580 commonere
1045 1524 1146 1593 quanta
1169 1525 1195 1579 ln

95 1625 235 1698 Apollonii
258 1628 385 1683 earmina
409 1627 540 1682 cernatur
568 1627 718 1682 Homerica
747 1625 889 1682 doctrina:
922 1637 1002 1694 unam
1025 1637 1113 1695 nuper
1136 1625 1195 1679 eic-

95 1727 262 1796 gantisslme
286 1726 437 1797 explicavit
460 1727 610 1784 Herlrelius
633 1731 660 1784 ln
682 1728 891 1800 prolegomenis
914 1727 949 1783 all
976 1725 1048 1782 lieni
1072 1737 1194 1784 carmem

95 1827 180 1898 Quam
205 1828 313 1896 anilem
347 1830 528 1886 imitationem
563 1832 735 1900 antiquitatis
761 1830 942 1885 ariiilelosanr
971 1841 1052 1884 nemo
1083 1829 1128 1882 est
1151 1827 1198 1884 cni

94 1941 150 1986 nou
171 1930 275 2000 sponte
298 1932 431 1987 nuveniat
453 1931 596 1988 iacturum
620 1933 727 1988 illorum
745 1933 774 1986 et
791 1931 818 1984 ln
837 1932 1026 1998 grammaticis
1043 1931 1199 2001 praecipue

94 2033 179 2088 relus
201 2031 370 2087 eruditurum
403 2032 548 2104 poetarum
577 2033 713 2102 reiuglnm
746 2033 835 2087 ruisse
868 2043 959 2102 paene
993 2027 1196 2094 necessarlum,

69 2207 72 2216 Ι
96 2143 177 2201 quum
200 2131 235 2186 ali
262 2143 296 2188 ea
326 2145 359 2188 se
388 2132 511 2202 pn'e'sens
542 2145 646 2198 genera
675 2133 846 2199 conterrent,
870 2145 941 2200 qnae
964 2144 1018 2202 pro
1038 2143 1144 2186 morum
1167 2132 1197 2190 ei

95 2233 188 2290 cnlins
215 2234 244 2289 et
269 2232 410 2289 civitatum
442 2235 471 2289 et
493 2233 657 2300 stultorum,
691 2245 763 2302 qnae
786 2235 841 2289 turn
872 2234 961 2298 erant,
990 2233 1195 2290 eonniilonlirns

96 2337 143 2390 vla
166 2337 284 2405 possent
307 2336 504 2391 incrementum
534 2335 615 2390 ullum
644 2335 759 2390 tranare.
803 2335 864 2390 iarn
887 2337 975 2406 ipsum
999 2333 1195 2392 callimachum

96 2438 121 2494 sl
145 2437 190 2492 cul
220 2435 354 2491 crenllrlie
386 2437 495 2493 vitietur
524 2439 551 2492 in
579 2437 626 2492 ilio
653 2439 862 2508 epigrammate,
894 2437 972 2507 cnjns
998 2439 1086 2508 prima
1108 2438 1196 2493 verina

97 2540 177 2594 sunt:
218 2547 519 2618 {postponeremus
536 2551 567 2600 aa
586 2548 728 2613 avaluna,
748 2539 774 2595 il
802 2539 943 2596 scribendi
972 2551 1061 2606 genus
1095 2540 1196 2594 nutare

97 2639 233 2703 voluisse,
257 2639 328 2707 quoti
352 2641 379 2694 ln
402 2639 551 2696 lrnmorilea
580 2641 696 2710 guaiam
724 2641 838 2696 Homeri
860 2642 1011 2696 imitatione
1034 2641 1197 2696 versaretur

99 2739 272 2820 (cuiusmodi
292 2741 357 2797 snut
380 2741 522 2814 Apollonii·
544 2736 756 2820 argonautae),
783 2755 816 2797 uc
840 2745 929 2812 ipsnm
953 2742 1061 2810 quinem
1084 2743 1119 2796 alr
1142 2740 1196 2796 lroc

98 2843 240 2900 scrilrcnrll
264 2855 370 2911 genere
397 2844 523 2900 omnibns
551 2855 587 2899 cx
619 2844 744 2912 partlnus
775 2844 946 2898 abstinuisse
977 2841 1198 2909 cointelligitur

99 2943 171 3014 quon
194 2944 312 2998 omniurn
336 2946 509 3014 antiquitatis
530 2945 697 3013 scriptorum
723 2943 834 3000 Homeri
859 2945 976 3000 maxime
994 2944 1115 3010 vestigia
1135 2955 1196 3000 eum

99 3046 227 3101 secutum
251 3055 318 3099 esse
339 3057 403 3099 mox
423 3047 578 3115 apparenti.
613 3045 881 3117 Reperlnntnrenim
900 3047 926 3100 ln
946 3044 1007 3116 ejus
1028 3047 1196 3102 carminibus

100 3146 130 3202 et
154 3145 289 3201 voeabula
324 3145 435 3202 Homeri
467 3148 579 3216 propria
610 3147 638 3201 et
661 3148 792 3203 versiculi
820 3149 866 3204 ant
889 3160 1018 3204 versuum
1042 3148 1139 3218 partes
1162 3159 1199 3204 ex

101 3249 224 3306 Homero
253 3248 382 3319 sumptae
413 3246 441 3300 et
475 3247 611 3302 lnrrnulac
645 3248 728 3318 plane
758 3249 924 3304 Homericae
944 3251 993 3305 aut
1021 3262 1083 3306 enm
1106 3249 1198 3318 nliuna

100 3351 255 3408 mutatione
277 3362 313 3404 ex
343 3347 464 3404 Homero
496 3347 618 3404 cinciae.
663 3348 760 3416 Neque
792 3331 935 3416 quisquam
965 3353 1026 3406 lere
1055 3352 1100 3407 est
1127 3352 1203 3408 luter

102 3451 225 3519 reliquos
246 3452 367 3520 optimos
390 3451 556 3519 scriptores,
581 3448 660 3518 cnjus
677 3451 703 3503 ln
722 3449 798 3504 illiris
813 3449 906 3503 studio
920 3451 1043 3518 diligenti
1058 3458 1199 3509 versatum

102 3553 193 3608 inisse
215 3550 409 3606 callimachum
440 3563 494 3605 nnn
531 3548 681 3605 ostendant
714 3550 858 3605 vernorum
888 3552 915 3605 et
942 3552 1109 3609 locutionum
1133 3568 1200 3610 usus

103 3655 152 3711 unt
183 3651 308 3708 locorum
338 3652 366 3706 et
397 3651 578 3708 niaiectornm
609 3651 767 3708 similitudo.
812 3651 915 3720 Qninns
944 3652 978 3708 de
1012 3657 1094 3711 renus
1127 3671 1201 3728 qnae

102 3755 204 3812 sunta
228 3766 271 3809 me
294 3753 444 3810 observata
467 3756 576 3810 rnlnirne
596 3754 720 3823 prollterl
738 3765 853 3824 possum
876 3755 1004 3810 absoluta
1024 3769 1090 3814 esse
1107 3763 1199 3818 omnic

104 3859 133 3914 et
155 3854 364 3914 consummata:
387 3865 450 3909 nam
471 3855 543 3911 satis
567 3855 630 3910 nuri
657 3867 753 3912 eorum
783 3856 844 3912 lere
868 3859 1034 3927 scriptorum
1058 3859 1112 3915 lloc
1135 3861 1199 3918 lnce

103 3958 232 4029 prolerre
255 3956 393 4028 exempla,
417 3957 514 4025 uulnus
537 3957 653 4027 plurima
682 3957 815 4014 leonissa
842 3957 984 4015 videretur
1006 3959 1206 4034 callimachus,

106 4059 203 4128 quales
226 4056 291 4115 sunt
314 4057 451 4116 Homerus
477 4057 506 4115 et
529 4059 669 4116 Hesloius
690 4058 718 4116 et
740 4059 893 4116 atticorum
916 4063 1013 4132 pauci:
1035 4063 1207 4124 senionem
